<?xml version="1.0" encoding="UTF-8"?><collection xmlns="http://www.loc.gov/MARC21/slim"><record><leader>00577nam--2200181-u-4500</leader><controlfield tag="001">000056424</controlfield><controlfield tag="002">20161230</controlfield><controlfield tag="005">20161230201052</controlfield><controlfield tag="008">151006s1000------------r-----000-0-eng-d</controlfield><datafield ind1=" " ind2=" " tag="040"><subfield code="a">IFIN-HH</subfield></datafield><datafield ind1=" " ind2=" " tag="080"><subfield code="a">53(061.3)</subfield></datafield><datafield ind1="1" ind2=" " tag="100"><subfield code="a">Arima,A./S.A.</subfield></datafield><datafield ind1="1" ind2="0" tag="245"><subfield code="a">Proceedings of the first asia-pacific physics conference singapore 1983 vol. 2</subfield><subfield code="c">A. arima, c.k. chew, t. ninomiya, p.p. ong, k.k. phua, k.l. tan (eds.)</subfield></datafield><datafield ind1=" " ind2=" " tag="260"><subfield code="a">Singapore</subfield><subfield code="b">World Scientific Publishing</subfield><subfield code="c">1984</subfield></datafield><datafield ind1=" " ind2=" " tag="300"><subfield code="a">XII+/698/1620P</subfield></datafield><datafield ind1="1" ind2=" " tag="700"><subfield code="a">Tan, K.L</subfield></datafield><datafield ind1=" " ind2=" " tag="852"><subfield code="a">79146</subfield><subfield code="c">53</subfield></datafield><datafield ind1=" " ind2=" " tag="CAT"><subfield code="a">Sys</subfield><subfield code="c">20151006</subfield><subfield code="h">150810</subfield></datafield></record></collection>